<collection xmlns="http://www.loc.gov/MARC21/slim">
<record>
  <leader>01474nam0a22002411i 450 </leader>
  <controlfield tag="001">IT\ICCU\CNCE\074043</controlfield>
  <controlfield tag="005">20090605000000.0</controlfield>
  <datafield tag="012" ind1=" " ind2=" ">
    <subfield code="a">o-o- n.re a-i- padi (3) 1561 (R)</subfield>
    <subfield code="2">fei</subfield>
  </datafield>
  <datafield tag="100" ind1=" " ind2=" ">
    <subfield code="a">20090605d1561        0itac0103    ba</subfield>
  </datafield>
  <datafield tag="101" ind1=" " ind2=" ">
    <subfield code="a">LAT</subfield>
  </datafield>
  <datafield tag="102" ind1=" " ind2=" ">
    <subfield code="a">IT</subfield>
  </datafield>
  <datafield tag="200" ind1="1" ind2=" ">
    <subfield code="a">℗Donati Antonii ab Altomari medici, ac philosophi Neapolitani, ℗De medendis humani corporis malis: ars medica. Nunc denuo ab eodem auctore diligentissime recognita. Cui addita sunt tria capita De haemorrhoidibus, de ragadijs, &amp; procidentia ani, ...</subfield>
  </datafield>
  <datafield tag="210" ind1=" " ind2=" ">
    <subfield code="a">Ex officina Marci de Maria</subfield>
    <subfield code="d">Salernitani</subfield>
    <subfield code="d">bibliopolae Neapolitani</subfield>
    <subfield code="d">1561</subfield>
    <subfield code="e">Ex officina Marci de Maria</subfield>
    <subfield code="h">Salernitani</subfield>
    <subfield code="h">bibliopolae Neapolitani</subfield>
    <subfield code="h">1560</subfield>
  </datafield>
  <datafield tag="215" ind1=" " ind2=" ">
    <subfield code="a">\16!, 566 \i.e. 556!, \4! p.</subfield>
    <subfield code="d">4o</subfield>
  </datafield>
  <datafield tag="300" ind1=" " ind2=" ">
    <subfield code="a">ANNULLATA !!!  vedi 1292Pubblicato probabilmente a Venezia, dove l&apos;editore De Maria risulta attivo nel 1561, cfr. EDIT16. -  Marca tip. sul front. e in fine. -  Cors.; gr.; rom. -  Iniziali xil. -  Omesse nella numerazione le p. 481-490. -  Segn.: \ast!8 A-2M8</subfield>
  </datafield>
  <datafield tag="620" ind1=" " ind2=" ">
    <subfield code="a">IT</subfield>
    <subfield code="d">Venezia</subfield>
  </datafield>
  <datafield tag="700" ind1=" " ind2="1">
    <subfield code="a">Altomare,</subfield>
    <subfield code="b">Donato Antonio</subfield>
    <subfield code="3">IT\ICCU\CNCA\000147</subfield>
  </datafield>
  <datafield tag="712" ind1="0" ind2="0">
    <subfield code="a">De_Maria, Marco</subfield>
    <subfield code="3">IT\ICCU\CNCT\000522</subfield>
    <subfield code="4">650</subfield>
  </datafield>
  <datafield tag="790" ind1=" " ind2="1">
    <subfield code="a">Altomari,</subfield>
    <subfield code="b">Donato Antonio : da</subfield>
    <subfield code="3">IT\ICCU\CNCA\021580</subfield>
    <subfield code="z">Altomare, Donato Antonio</subfield>
  </datafield>
  <datafield tag="791" ind1="0" ind2="0">
    <subfield code="a">Maria, Marcus de</subfield>
    <subfield code="3">IT\ICCU\CNCT\003762</subfield>
    <subfield code="z">De_Maria, Marco</subfield>
  </datafield>
  <datafield tag="791" ind1="0" ind2="0">
    <subfield code="a">Maria, Marco</subfield>
    <subfield code="3">IT\ICCU\CNCT\004606</subfield>
    <subfield code="z">De_Maria, Marco</subfield>
  </datafield>
  <datafield tag="801" ind1=" " ind2="3">
    <subfield code="a">IT</subfield>
    <subfield code="b">ICCU</subfield>
    <subfield code="c">20201115</subfield>
  </datafield>
  <datafield tag="899" ind1=" " ind2=" ">
    <subfield code="a">Biblioteca civica Romolo Spezioli. Fermo</subfield>
    <subfield code="1">AP0012</subfield>
    <subfield code="2">UMC FM</subfield>
  </datafield>
</record>
</collection>
